@misc{agile_manifesto,
 title =	{Agile Manifesto},
 url =      {http://agilemanifesto.org},
 year =     {2001},
 note =	 	{Agile manifesto webbsida. Refererat 7.6.2016}
}

@misc{dad_web,
 title = 	{Dicsiplined Agile Delivery (www)},
 url = 		{http://www.disciplinedagiledelivery.com/},
 year = 	{2016},
 note = 	{DaD webbisa. Refererat 30.6.2016} 
}

@misc{safe_web,
 title = 	{Scaled Agile Framework (www)},
 url = 		{http://scaledagileframework.com/},
 year = 	{2010},
 note = 	{SAFe webbisda. Refererat 30.6.2016}
}

@misc{less_web,
 title = 	{Large Scale Scrum (www)},
 url =		{http://less.works/},
 year = 	{2014},
 note = 	{LeSS webbsida. Refererat 30.6.2016} 
}

@misc{ask_matrix,
 title = 	{Agile Scaling knowledge matrix},
 url = 		{http://www.agilescaling.org/ask-matrix.html},
 note = 	{En matris sammanställd av agilescaling.org som innehåller basfakta om aktuella ramverk för uppskalning av agila metoder.}
}


@book{hirsjarvi2009,
        author={Hirsjärvi, Sirkka and Remes, Pirkko and Sajavaara, Paula},
        year={2009},
        title={Tutki ja kirjoita},
        publisher={Tammi},
        address={Hämeenlinna},
        note={15. uudistettu painos},
        isbn={978-951-31-4836-2},
        language={fin}
}


@book{goossens1994,
        author={Goossens,Michel and Mittelbach,Frank and Samarin,Alexander},
        year={1994},
        title={The LATEX companion},
        publisher={Addison-Wesley},
        address={Reading (MA)},
        pages={528 s},
        isbn={0-201-54199-8},
        language={eng}
}

@book{mittelbach2004Safari,
        author={Mittelbach,Frank},
        year={2004},
        title={{The LaTeX companion}},
        publisher={Safari Tech Books Online},
        address={Boston, MA},
        edition={2nd ed.},
        note={Safari Tech Books Online},
        language={eng}
}

@Article{AAP+04,
  author =	 {Dimitrios I. Axiotis and Tareq Al-Gizawi and
                  Konstatntinos Peppas and Emmanuel N. Protonotarios
                  and Fotis I. Lazarakis and Constantitnos Papadias
                  and Panos I. Philippopoulos},
  title =	 {Services in Interworking {3G} and {WLAN}
                  Environments},
  journal =	 {IEEE Wireless Communications},
  year =	 2004,
  volume =	 11,
  number =	 5,
  pages =	 {14-20},
  month =	 oct
}
